
@article{narayan2021assessing,
  title={Assessing single-cell transcriptomic variability through density-preserving data visualization},
  author={Narayan, Ashwin and Berger, Bonnie and Cho, Hyunghoon},
  journal={Nature biotechnology},
  volume={39},
  number={6},
  pages={765--774},
  year={2021},
  publisher={Nature Publishing Group US New York}
}

@article{Liu2025,
  title = {Assessing and improving reliability of neighbor embedding methods: a map-continuity perspective},
  volume = {16},
  ISSN = {2041-1723},
  url = {http://dx.doi.org/10.1038/s41467-025-60434-9},
  DOI = {10.1038/s41467-025-60434-9},
  number = {1},
  journal = {Nature Communications},
  publisher = {Springer Science and Business Media LLC},
  author = {Liu,  Zhexuan and Ma,  Rong and Zhong,  Yiqiao},
  year = {2025},
  month = may 
}

@article{xia2024statistical,
  title={Statistical method scDEED for detecting dubious 2D single-cell embeddings and optimizing t-SNE and UMAP hyperparameters},
  author={Xia, Lucy and Lee, Christy and Li, Jingyi Jessica},
  journal={Nature Communications},
  volume={15},
  number={1},
  pages={1753},
  year={2024},
  publisher={Nature Publishing Group UK London}
}

@article{mcqueen2016megaman,
  title={Megaman: Scalable manifold learning in python},
  author={McQueen, James and Meil{\u{a}}, Marina and VanderPlas, Jacob and Zhang, Zhongyue},
  journal={Journal of Machine Learning Research},
  volume={17},
  number={148},
  pages={1--5},
  year={2016}
}

@article{perrault2006metric,
  title={Metric Learning of Manifolds},
  author={Perrault-Joncas, Dominique and Meila, Marina},
  journal={Semisupervised Learn},
  volume={1},
  pages={293--306},
  year={2006}
}

@article{mcqueen2016nearly,
  title={Nearly isometric embedding by relaxation},
  author={McQueen, James and Meila, Marina and Joncas, Dominique},
  journal={Advances in Neural Information Processing Systems},
  volume={29},
  year={2016}
}

@article{joncas2017improved,
  title={Improved graph Laplacian via geometric self-consistency},
  author={Joncas, Dominique and Meila, Marina and McQueen, James},
  journal={Advances in Neural Information Processing Systems},
  volume={30},
  year={2017}
}


@misc{paircodeUnderstandingUMAP,
	author = {},
	title = {{U}nderstanding {U}{M}{A}{P} --- pair-code.github.io},
	howpublished = {\url{https://pair-code.github.io/understanding-umap/}},
	year = {},
	note = {[Accessed 06-06-2025]},
}

@misc{maxnoichlNoichlFlattening,
	author = {Max Noichl},
	title = {{M}ax {N}oichl | {F}lattening {M}ammoths --- maxnoichl.eu},
	howpublished = {\url{https://www.maxnoichl.eu/projects/mammoth/}},
	year = {},
	note = {[Accessed 06-06-2025]},
}

@article{wattenberg2016how,
  author = {Wattenberg, Martin and Viégas, Fernanda and Johnson, Ian},
  title = {How to Use t-SNE Effectively},
  journal = {Distill},
  year = {2016},
  url = {http://distill.pub/2016/misread-tsne},
  doi = {10.23915/distill.00002}
}

@article{Kobak2021,
  title = {Initialization is critical for preserving global data structure in both t-SNE and UMAP},
  volume = {39},
  ISSN = {1546-1696},
  url = {http://dx.doi.org/10.1038/s41587-020-00809-z},
  DOI = {10.1038/s41587-020-00809-z},
  number = {2},
  journal = {Nature Biotechnology},
  publisher = {Springer Science and Business Media LLC},
  author = {Kobak,  Dmitry and Linderman,  George C.},
  year = {2021},
  month = feb,
  pages = {156–157}
}

@article{laskowski1989traditional,
  title={The traditional and modern look at Tissot's Indicatrix},
  author={Laskowski, Piotr H},
  journal={The American Cartographer},
  volume={16},
  number={2},
  pages={123--133},
  year={1989},
  publisher={Taylor \& Francis}
}


@article{Chari2023,
  title = {The specious art of single-cell genomics},
  volume = {19},
  ISSN = {1553-7358},
  url = {http://dx.doi.org/10.1371/journal.pcbi.1011288},
  DOI = {10.1371/journal.pcbi.1011288},
  number = {8},
  journal = {PLOS Computational Biology},
  publisher = {Public Library of Science (PLoS)},
  author = {Chari,  Tara and Pachter,  Lior},
  editor = {Papin,  Jason A.},
  year = {2023},
  month = aug,
  pages = {e1011288}
}

@misc{scanpytutorialsAnalysisVisualization,
	author = {},
	title = {{A}nalysis and visualization of spatial transcriptomics data \&#x2014; scanpy-tutorials 0.1.dev50+g37c26f3 documentation --- scanpy-tutorials.readthedocs.io},
	howpublished = {\url{https://scanpy-tutorials.readthedocs.io/en/latest/spatial/basic-analysis.html}},
	year = {},
	note = {[Accessed 11-06-2025]},
}

@article{Siebert2019,
  title = {Stem cell differentiation trajectories in
            Hydra
            resolved at single-cell resolution},
  volume = {365},
  ISSN = {1095-9203},
  url = {http://dx.doi.org/10.1126/science.aav9314},
  DOI = {10.1126/science.aav9314},
  number = {6451},
  journal = {Science},
  publisher = {American Association for the Advancement of Science (AAAS)},
  author = {Siebert,  Stefan and Farrell,  Jeffrey A. and Cazet,  Jack F. and Abeykoon,  Yashodara and Primack,  Abby S. and Schnitzler,  Christine E. and Juliano,  Celina E.},
  year = {2019},
  month = jul 
}