@article{david2014diet,
  title={Diet rapidly and reproducibly alters the human gut microbiome},
  author={David, Lawrence A and Maurice, Corinne F and Carmody, Rachel N and Gootenberg, David B and Button, Julie E and Wolfe, Benjamin E and Ling, Alisha V and Devlin, A Sloan and Varma, Yug and Fischbach, Michael A and others},
  journal={Nature},
  volume={505},
  number={7484},
  pages={559--563},
  year={2014},
  publisher={Nature Publishing Group UK London},
  doi={https://doi.org/10.1038/nature12820}
}

@article{yajima2023core,
  title={Core species and interactions prominent in fish-associated microbiome dynamics},
  author={Yajima, Daii and Fujita, Hiroaki and Hayashi, Ibuki and Shima, Genta and Suzuki, Kenta and Toju, Hirokazu},
  journal={Microbiome},
  volume={11},
  number={1},
  pages={53},
  year={2023},
  publisher={Springer}
}

@article{costello2022longitudinal,
  title={Longitudinal dynamics of the human vaginal ecosystem across the reproductive cycle},
  author={Costello, Elizabeth K and DiGiulio, Daniel B and Robaczewska, Anna and Symul, Laura and Wong, Ronald J and Shaw, Gary M and Stevenson, David K and Holmes, Susan P and Kwon, Douglas S and Relman, David A},
  journal={bioRxiv},
  pages={2022--11},
  year={2022},
  publisher={Cold Spring Harbor Laboratory}
}

@article{liao2021compilation,
  title={Compilation of longitudinal microbiota data and hospitalome from hematopoietic cell transplantation patients},
  author={Liao, Chen and Taylor, Bradford P and Ceccarani, Camilla and Fontana, Emily and Amoretti, Luigi A and Wright, Roberta J and Gomes, Antonio LC and Peled, Jonathan U and Taur, Ying and Perales, Miguel-Angel and others},
  journal={Scientific data},
  volume={8},
  number={1},
  pages={71},
  year={2021},
  publisher={Nature Publishing Group UK London}
}

@article{box1975intervention,
  title={Intervention analysis with applications to economic and environmental problems},
  author={Box, George EP and Tiao, George C},
  journal={Journal of the American Statistical association},
  volume={70},
  number={349},
  pages={70--79},
  year={1975},
  publisher={Taylor \& Francis}
}

@article{li2022exaggerated,
  title={Exaggerated false positives by popular differential expression methods when analyzing human population samples},
  author={Li, Yumei and Ge, Xinzhou and Peng, Fanglue and Li, Wei and Li, Jingyi Jessica},
  journal={Genome biology},
  volume={23},
  number={1},
  pages={79},
  year={2022},
  publisher={Springer}
}

@article{hawinkel2019broken,
  title={A broken promise: microbiome differential abundance methods do not control the false discovery rate},
  author={Hawinkel, Stijn and Mattiello, Federico and Bijnens, Luc and Thas, Olivier},
  journal={Briefings in bioinformatics},
  volume={20},
  number={1},
  pages={210--221},
  year={2019},
  publisher={Oxford University Press}
}

@article{gibson2021intrinsic,
  title={Intrinsic instability of the dysbiotic microbiome revealed through dynamical systems inference at scale},
  author={Gibson, Travis E and Kim, Younhun and Acharya, Sawal and Kaplan, David E and DiBenedetto, Nicholas and Lavin, Richard and Berger, Bonnie and Allegretti, Jessica R and Bry, Lynn and Gerber, Georg K},
  journal={bioRxiv},
  pages={2021--12},
  year={2021},
  publisher={Cold Spring Harbor Laboratory}
}

@article{2024,
  volume = {9},
  ISSN = {2058-5276},
  url = {http://dx.doi.org/10.1038/s41564-024-01763-1},
  DOI = {10.1038/s41564-024-01763-1},
  number = {7},
  journal = {Nature Microbiology},
  publisher = {Springer Science and Business Media LLC},
  year = {2024},
  month = jul,
  pages = {1633–1633}
}

@article{Tian2022,
  title = {Making gut microbiomes from scratch},
  volume = {30},
  ISSN = {1931-3128},
  url = {http://dx.doi.org/10.1016/j.chom.2022.10.005},
  DOI = {10.1016/j.chom.2022.10.005},
  number = {11},
  journal = {Cell Host &amp; Microbe},
  publisher = {Elsevier BV},
  author = {Tian,  Shuchang and Bisanz,  Jordan E.},
  year = {2022},
  month = nov,
  pages = {1508–1509}
}

@BOOK{curtis_1959,
  author = {John T. Curtis},
  title     = "The vegetation of Wisconsin-ordination of plant communities",
  publisher = "University of Wisconsin Press",
  month     =  dec,
  year      =  1959,
  notes = {Chapter 7},
  address   = "Madison, WI"
}


@article{Dai2022,
  title = {False Discovery Rate Control via Data Splitting},
  volume = {118},
  ISSN = {1537-274X},
  url = {http://dx.doi.org/10.1080/01621459.2022.2060113},
  DOI = {10.1080/01621459.2022.2060113},
  number = {544},
  journal = {Journal of the American Statistical Association},
  publisher = {Informa UK Limited},
  author = {Dai,  Chenguang and Lin,  Buyu and Xing,  Xin and Liu,  Jun S.},
  year = {2022},
  month = may,
  pages = {2503–2520}
}

@article{David2013,
  title = {Diet rapidly and reproducibly alters the human gut microbiome},
  volume = {505},
  ISSN = {1476-4687},
  url = {http://dx.doi.org/10.1038/nature12820},
  DOI = {10.1038/nature12820},
  number = {7484},
  journal = {Nature},
  publisher = {Springer Science and Business Media LLC},
  author = {David,  Lawrence A. and Maurice,  Corinne F. and Carmody,  Rachel N. and Gootenberg,  David B. and Button,  Julie E. and Wolfe,  Benjamin E. and Ling,  Alisha V. and Devlin,  A. Sloan and Varma,  Yug and Fischbach,  Michael A. and Biddinger,  Sudha B. and Dutton,  Rachel J. and Turnbaugh,  Peter J.},
  year = {2013},
  month = dec,
  pages = {559–563}
}

@article{Bucci2016,
  title = {MDSINE: Microbial Dynamical Systems INference Engine for microbiome time-series analyses},
  volume = {17},
  ISSN = {1474-760X},
  url = {http://dx.doi.org/10.1186/s13059-016-0980-6},
  DOI = {10.1186/s13059-016-0980-6},
  number = {1},
  journal = {Genome Biology},
  publisher = {Springer Science and Business Media LLC},
  author = {Bucci,  Vanni and Tzen,  Belinda and Li,  Ning and Simmons,  Matt and Tanoue,  Takeshi and Bogart,  Elijah and Deng,  Luxue and Yeliseyev,  Vladimir and Delaney,  Mary L. and Liu,  Qing and Olle,  Bernat and Stein,  Richard R. and Honda,  Kenya and Bry,  Lynn and Gerber,  Georg K.},
  year = {2016},
  month = jun 
}

@article{Gibson2021,
  title = {Microbial dynamics inference at ecosystem-scale},
  url = {http://dx.doi.org/10.1101/2021.12.14.469105},
  DOI = {10.1101/2021.12.14.469105},
  publisher = {Cold Spring Harbor Laboratory},
  author = {Gibson,  Travis E. and Kim,  Younhun and Acharya,  Sawal and Kaplan,  David E. and DiBenedetto,  Nicholas and Lavin,  Richard and Berger,  Bonnie and Allegretti,  Jessica R. and Bry,  Lynn and Gerber,  Georg K.},
  year = {2021},
  month = dec 
}

@InProceedings{pmlr-v80-gibson18a,
  title = 	 {Robust and Scalable Models of Microbiome Dynamics},
  author =       {Gibson, Travis and Gerber, Georg},
  booktitle = 	 {Proceedings of the 35th International Conference on Machine Learning},
  pages = 	 {1763--1772},
  year = 	 {2018},
  editor = 	 {Dy, Jennifer and Krause, Andreas},
  volume = 	 {80},
  series = 	 {Proceedings of Machine Learning Research},
  month = 	 {10--15 Jul},
  publisher =    {PMLR},
  url = 	 {https://proceedings.mlr.press/v80/gibson18a.html}}

  @article{Silverman2018,
  title = {Dynamic linear models guide design and analysis of microbiota studies within artificial human guts},
  url = {http://dx.doi.org/10.1101/306597},
  DOI = {10.1101/306597},
  publisher = {Cold Spring Harbor Laboratory},
  author = {Silverman,  Justin D and Durand,  Heather and Bloom,  Rachael J. and Mukherjee,  Sayan and David,  Lawrence A},
  year = {2018},
  month = apr 
}

@article{JMLR:v23:19-882,
  author  = {Justin D. Silverman and Kimberly Roche and Zachary C. Holmes and Lawrence A. David and Sayan Mukherjee},
  title   = {Bayesian Multinomial Logistic Normal Models through Marginally Latent Matrix-T Processes},
  journal = {Journal of Machine Learning Research},
  year    = {2022},
  volume  = {23},
  number  = {7},
  pages   = {1--42},
  url     = {http://jmlr.org/papers/v23/19-882.html}
}

@article{Love2014,
  title = {Moderated estimation of fold change and dispersion for RNA-seq data with DESeq2},
  volume = {15},
  ISSN = {1474-760X},
  url = {http://dx.doi.org/10.1186/s13059-014-0550-8},
  DOI = {10.1186/s13059-014-0550-8},
  number = {12},
  journal = {Genome Biology},
  publisher = {Springer Science and Business Media LLC},
  author = {Love,  Michael I and Huber,  Wolfgang and Anders,  Simon},
  year = {2014},
  month = dec 
}

@article{JMLR:v19:16-515,
  author  = {Gian-Andrea Thanei and Nicolai Meinshausen and Rajen D. Shah},
  title   = {The xyz algorithm for fast interaction search in high-dimensional data},
  journal = {Journal of Machine Learning Research},
  year    = {2018},
  volume  = {19},
  number  = {37},
  pages   = {1--42},
  url     = {http://jmlr.org/papers/v19/16-515.html}
}

@article{JMLR:v19:18-416,
  author  = {Przemyslaw Biecek},
  title   = {DALEX: Explainers for Complex Predictive Models in R},
  journal = {Journal of Machine Learning Research},
  year    = {2018},
  volume  = {19},
  number  = {84},
  pages   = {1-5},
  url     = {http://jmlr.org/papers/v19/18-416.html}
}

@article{Friedman2001,
  title = {Greedy function approximation: A gradient boosting machine.},
  volume = {29},
  ISSN = {0090-5364},
  url = {http://dx.doi.org/10.1214/aos/1013203451},
  DOI = {10.1214/aos/1013203451},
  number = {5},
  journal = {The Annals of Statistics},
  publisher = {Institute of Mathematical Statistics},
  author = {Friedman,  Jerome H.},
  year = {2001},
  month = oct 
}

@article{Zhang2017,
  title = {Negative binomial mixed models for analyzing microbiome count data},
  volume = {18},
  ISSN = {1471-2105},
  url = {http://dx.doi.org/10.1186/s12859-016-1441-7},
  DOI = {10.1186/s12859-016-1441-7},
  number = {1},
  journal = {BMC Bioinformatics},
  publisher = {Springer Science and Business Media LLC},
  author = {Zhang,  Xinyan and Mallick,  Himel and Tang,  Zaixiang and Zhang,  Lei and Cui,  Xiangqin and Benson,  Andrew K. and Yi,  Nengjun},
  year = {2017},
  month = jan 
}

@article{Mishra2022,
  title = {Negative binomial factor regression with application to microbiome data analysis},
  volume = {41},
  ISSN = {1097-0258},
  url = {http://dx.doi.org/10.1002/sim.9384},
  DOI = {10.1002/sim.9384},
  number = {15},
  journal = {Statistics in Medicine},
  publisher = {Wiley},
  author = {Mishra,  Aditya K. and M\"{u}ller,  Christian L.},
  year = {2022},
  month = apr,
  pages = {2786–2803}
}

@article{Jiang2019,
  title = {A Bayesian zero-inflated negative binomial regression model for the integrative analysis of microbiome data},
  volume = {22},
  ISSN = {1468-4357},
  url = {http://dx.doi.org/10.1093/biostatistics/kxz050},
  DOI = {10.1093/biostatistics/kxz050},
  number = {3},
  journal = {Biostatistics},
  publisher = {Oxford University Press (OUP)},
  author = {Jiang,  Shuang and Xiao,  Guanghua and Koh,  Andrew Y and Kim,  Jiwoong and Li,  Qiwei and Zhan,  Xiaowei},
  year = {2019},
  month = dec,
  pages = {522–540}
}

@article{Gonze2018,
  title = {Microbial communities as dynamical systems},
  volume = {44},
  ISSN = {1369-5274},
  url = {http://dx.doi.org/10.1016/j.mib.2018.07.004},
  DOI = {10.1016/j.mib.2018.07.004},
  journal = {Current Opinion in Microbiology},
  publisher = {Elsevier BV},
  author = {Gonze,  Didier and Coyte,  Katharine Z and Lahti,  Leo and Faust,  Karoline},
  year = {2018},
  month = aug,
  pages = {41–49}
}

@article{Joseph2020,
  title = {Compositional Lotka-Volterra describes microbial dynamics in the simplex},
  volume = {16},
  ISSN = {1553-7358},
  url = {http://dx.doi.org/10.1371/journal.pcbi.1007917},
  DOI = {10.1371/journal.pcbi.1007917},
  number = {5},
  journal = {PLOS Computational Biology},
  publisher = {Public Library of Science (PLoS)},
  author = {Joseph,  Tyler A. and Shenhav,  Liat and Xavier,  Joao B. and Halperin,  Eran and Pe’er,  Itsik},
  editor = {Dakos,  Vasilis},
  year = {2020},
  month = may,
  pages = {e1007917}
}

@article{Gerber2014,
  title = {The dynamic microbiome},
  volume = {588},
  ISSN = {1873-3468},
  url = {http://dx.doi.org/10.1016/j.febslet.2014.02.037},
  DOI = {10.1016/j.febslet.2014.02.037},
  number = {22},
  journal = {FEBS Letters},
  publisher = {Wiley},
  author = {Gerber,  Georg K.},
  year = {2014},
  month = feb,
  pages = {4131–4139}
}

@article{Dethlefsen2010,
  title = {Incomplete recovery and individualized responses of the human distal gut microbiota to repeated antibiotic perturbation},
  volume = {108},
  ISSN = {1091-6490},
  url = {http://dx.doi.org/10.1073/pnas.1000087107},
  DOI = {10.1073/pnas.1000087107},
  number = {supplement_1},
  journal = {Proceedings of the National Academy of Sciences},
  publisher = {Proceedings of the National Academy of Sciences},
  author = {Dethlefsen,  Les and Relman,  David A.},
  year = {2010},
  month = sep,
  pages = {4554–4561}
}

@article{Sankaran2024,
  title = {mbtransfer: Microbiome intervention analysis using transfer functions and mirror statistics},
  volume = {20},
  ISSN = {1553-7358},
  url = {http://dx.doi.org/10.1371/journal.pcbi.1012196},
  DOI = {10.1371/journal.pcbi.1012196},
  number = {6},
  journal = {PLOS Computational Biology},
  publisher = {Public Library of Science (PLoS)},
  author = {Sankaran,  Kris and Jeganathan,  Pratheepa},
  editor = {Nagarajan,  Niranjan},
  year = {2024},
  month = jun,
  pages = {e1012196}
}