@article{Ogunyemi2021,
  title = {Detecting diabetic retinopathy through machine learning on electronic health record data from an urban,  safety net healthcare system},
  volume = {4},
  ISSN = {2574-2531},
  url = {http://dx.doi.org/10.1093/jamiaopen/ooab066},
  DOI = {10.1093/jamiaopen/ooab066},
  number = {3},
  journal = {JAMIA Open},
  publisher = {Oxford University Press (OUP)},
  author = {Ogunyemi,  Omolola I and Gandhi,  Meghal and Lee,  Martin and Teklehaimanot,  Senait and Daskivich,  Lauren Patty and Hindman,  David and Lopez,  Kevin and Taira,  Ricky K},
  year = {2021},
  month = jul
}

@article{Ding2023,
  title = {Polygenic scoring accuracy varies across the genetic ancestry continuum},
  volume = {618},
  ISSN = {1476-4687},
  url = {http://dx.doi.org/10.1038/s41586-023-06079-4},
  DOI = {10.1038/s41586-023-06079-4},
  number = {7966},
  journal = {Nature},
  publisher = {Springer Science and Business Media LLC},
  author = {Ding,  Yi and Hou,  Kangcheng and Xu,  Ziqi and Pimplaskar,  Aditya and Petter,  Ella and Boulier,  Kristin and Privé,  Florian and Vilhjálmsson,  Bjarni J. and Olde Loohuis,  Loes M. and Pasaniuc,  Bogdan},
  year = {2023},
  month = may,
  pages = {774–781}
}

@article{Oh2013,
  title = {Diabetic retinopathy risk prediction for fundus examination using sparse learning: a cross-sectional study},
  volume = {13},
  ISSN = {1472-6947},
  url = {http://dx.doi.org/10.1186/1472-6947-13-106},
  DOI = {10.1186/1472-6947-13-106},
  number = {1},
  journal = {BMC Medical Informatics and Decision Making},
  publisher = {Springer Science and Business Media LLC},
  author = {Oh,  Ein and Yoo,  Tae Keun and Park,  Eun-Cheol},
  year = {2013},
  month = sep
}