@article{Jiang2025,
  title = {Multimedia: multimodal mediation analysis of microbiome data},
  volume = {13},
  ISSN = {2165-0497},
  url = {http://dx.doi.org/10.1128/spectrum.01131-24},
  DOI = {10.1128/spectrum.01131-24},
  number = {2},
  journal = {Microbiology Spectrum},
  publisher = {American Society for Microbiology},
  author = {Jiang,  Hanying and Miao,  Xinran and Thairu,  Margaret W. and Beebe,  Mara and Grupe,  Dan W. and Davidson,  Richard J. and Handelsman,  Jo and Sankaran,  Kris},
  editor = {Claesen,  Jan},
  year = {2025},
  month = feb 
}

@article{Franzosa2018,
  title = {Gut microbiome structure and metabolic activity in inflammatory bowel disease},
  volume = {4},
  ISSN = {2058-5276},
  url = {http://dx.doi.org/10.1038/s41564-018-0306-4},
  DOI = {10.1038/s41564-018-0306-4},
  number = {2},
  journal = {Nature Microbiology},
  publisher = {Springer Science and Business Media LLC},
  author = {Franzosa,  Eric A. and Sirota-Madi,  Alexandra and Avila-Pacheco,  Julian and Fornelos,  Nadine and Haiser,  Henry J. and Reinker,  Stefan and Vatanen,  Tommi and Hall,  A. Brantley and Mallick,  Himel and McIver,  Lauren J. and Sauk,  Jenny S. and Wilson,  Robin G. and Stevens,  Betsy W. and Scott,  Justin M. and Pierce,  Kerry and Deik,  Amy A. and Bullock,  Kevin and Imhann,  Floris and Porter,  Jeffrey A. and Zhernakova,  Alexandra and Fu,  Jingyuan and Weersma,  Rinse K. and Wijmenga,  Cisca and Clish,  Clary B. and Vlamakis,  Hera and Huttenhower,  Curtis and Xavier,  Ramnik J.},
  year = {2018},
  month = dec,
  pages = {293â€“305}
}