
@article{narayan2021assessing,
  title={Assessing single-cell transcriptomic variability through density-preserving data visualization},
  author={Narayan, Ashwin and Berger, Bonnie and Cho, Hyunghoon},
  journal={Nature biotechnology},
  volume={39},
  number={6},
  pages={765--774},
  year={2021},
  publisher={Nature Publishing Group US New York}
}

@article{Liu2025,
  title = {Assessing and improving reliability of neighbor embedding methods: a map-continuity perspective},
  volume = {16},
  ISSN = {2041-1723},
  url = {http://dx.doi.org/10.1038/s41467-025-60434-9},
  DOI = {10.1038/s41467-025-60434-9},
  number = {1},
  journal = {Nature Communications},
  publisher = {Springer Science and Business Media LLC},
  author = {Liu,  Zhexuan and Ma,  Rong and Zhong,  Yiqiao},
  year = {2025},
  month = may 
}

@article{xia2024statistical,
  title={Statistical method scDEED for detecting dubious 2D single-cell embeddings and optimizing t-SNE and UMAP hyperparameters},
  author={Xia, Lucy and Lee, Christy and Li, Jingyi Jessica},
  journal={Nature Communications},
  volume={15},
  number={1},
  pages={1753},
  year={2024},
  publisher={Nature Publishing Group UK London}
}

@article{mcqueen2016megaman,
  title={Megaman: Scalable manifold learning in python},
  author={McQueen, James and Meil{\u{a}}, Marina and VanderPlas, Jacob and Zhang, Zhongyue},
  journal={Journal of Machine Learning Research},
  volume={17},
  number={148},
  pages={1--5},
  year={2016}
}

@article{perrault2006metric,
  title={Metric Learning of Manifolds},
  author={Perrault-Joncas, Dominique and Meila, Marina},
  journal={Semisupervised Learn},
  volume={1},
  pages={293--306},
  year={2006}
}

@article{mcqueen2016nearly,
  title={Nearly isometric embedding by relaxation},
  author={McQueen, James and Meila, Marina and Joncas, Dominique},
  journal={Advances in Neural Information Processing Systems},
  volume={29},
  year={2016}
}

@article{joncas2017improved,
  title={Improved graph Laplacian via geometric self-consistency},
  author={Joncas, Dominique and Meila, Marina and McQueen, James},
  journal={Advances in Neural Information Processing Systems},
  volume={30},
  year={2017}
}


@misc{paircodeUnderstandingUMAP,
	author = {},
	title = {{U}nderstanding {U}{M}{A}{P} --- pair-code.github.io},
	howpublished = {\url{https://pair-code.github.io/understanding-umap/}},
	year = {},
	note = {[Accessed 06-06-2025]},
}

@misc{maxnoichlNoichlFlattening,
	author = {Max Noichl},
	title = {{M}ax {N}oichl | {F}lattening {M}ammoths --- maxnoichl.eu},
	howpublished = {\url{https://www.maxnoichl.eu/projects/mammoth/}},
	year = {},
	note = {[Accessed 06-06-2025]},
}