@article{Fukuyama2017,
  title = {Multidomain analyses of a longitudinal human microbiome intestinal cleanout perturbation experiment},
  volume = {13},
  ISSN = {1553-7358},
  url = {http://dx.doi.org/10.1371/journal.pcbi.1005706},
  DOI = {10.1371/journal.pcbi.1005706},
  number = {8},
  journal = {PLOS Computational Biology},
  publisher = {Public Library of Science (PLoS)},
  author = {Fukuyama,  Julia and Rumker,  Laurie and Sankaran,  Kris and Jeganathan,  Pratheepa and Dethlefsen,  Les and Relman,  David A. and Holmes,  Susan P.},
  editor = {Borenstein,  Elhanan},
  year = {2017},
  month = aug,
  pages = {e1005706}
}

@article{Duncan2024,
  title = {simChef: High-quality data science simulations in
R},
  volume = {9},
  ISSN = {2475-9066},
  url = {http://dx.doi.org/10.21105/joss.06156},
  DOI = {10.21105/joss.06156},
  number = {95},
  journal = {Journal of Open Source Software},
  publisher = {The Open Journal},
  author = {Duncan,  James and Tang,  Tiffany and Elliott,  Corrine F. and Boileau,  Philippe and Yu,  Bin},
  year = {2024},
  month = mar,
  pages = {6156}
}

@article{donoho2019s,
  title={What’s Missing From Today’s Machine Intelligence Juggernaut?},
  author={Donoho, David},
  journal={Harvard Data Science Review},
  volume={1},
  number={1},
  year={2019},
  publisher={The MIT Press}
}


@BOOK{Mosteller1977-mk,
  title     = "Data analysis and regression",
  author    = "Mosteller, Frederick and Tukey, John Wilder",
  publisher = "Pearson",
  series    = "Addison-Wesley series in behavioral science. quantitative
               methods",
  month     =  jan,
  year      =  1977,
  address   = "Upper Saddle River, NJ",
  language  = "en"
}

